@inproceedings{SPP-2024-1E-04, title={Learning dynamics in a cellular automata model of classroom peer-to-peer interactions}, volume={42}, booktitle={Proceedings of the Samahang Pisika ng Pilipinas}, author={Sy, Clarence Ioakim T. and Ramos, Reinier Xander A. and Bantang, Johnrob Y.}, year={2024}, pages={SPP-2024-1E-04}, url={https://proceedings.spp-online.org/article/view/SPP-2024-1E-04} }