@inproceedings{roxas2010seating,
  title={Seating Arrangement, Group Composition and Competition-driven Interaction: Effects on Students’ Performance in Physics},
  author={Roxas, RM and Carreon-Monterola, SL and Monterola, C},
  booktitle={AIP Conference Proceedings},
  volume={1263},
  number={1},
  pages={155--158},
  year={2010},
  organization={American Institute of Physics},
  doi = {10.1063/1.3479856}
}

@article{smith2009peer,
  title={Why peer discussion improves student performance on in-class concept questions},
  author={Smith, Michelle K and Wood, William B and Adams, Wendy K and Wieman, Carl and Knight, Jennifer K and Guild, Nancy and Su, Tin Tin},
  journal={Science},
  volume={323},
  number={5910},
  pages={122--124},
  year={2009},
  publisher={American Association for the Advancement of Science},
  doi = {10.1126/science.1165919}
}

@article{crouch2001peer,
  title={Peer instruction: Ten years of experience and results},
  author={Crouch, Catherine H and Mazur, Eric},
  journal={American journal of physics},
  volume={69},
  number={9},
  pages={970--977},
  year={2001},
  publisher={American Association of Physics Teachers},
  doi = {10.1119/1.1374249}
}

@article{knight2018peer,
  title={Peer instruction},
  author={Knight, Jennifer K and Brame, Cynthia J},
  journal={CBE—Life Sciences Education},
  volume={17},
  number={2},
  pages={fe5},
  year={2018},
  publisher={Am Soc Cell Biol},
  doi = {10.1187/cbe.18-02-0025}
}

@article{lasry2008peer,
  title={Peer instruction: From Harvard to the two-year college},
  author={Lasry, Nathaniel and Mazur, Eric and Watkins, Jessica},
  journal={American journal of Physics},
  volume={76},
  number={11},
  pages={1066--1069},
  year={2008},
  publisher={American Association of Physics Teachers},
  doi = {10.1119/1.2978182}
}

@book{louis2018probabilistic,
  title={Probabilistic Cellular Automata: Theory, Applications and Future Perspectives},
  author={Louis, Pierre-Yves and Nardi, Francesca R},
  volume={27},
  year={2018},
  publisher={Springer},
  isbn = {978-3-319-65558-1}
}

@misc{weisstein2002cellular,
  title={Cellular automaton},
  author={Weisstein, Eric W},
  howpublished = {\url{https://mathworld. wolfram. com/}},
  note = {Last accessed: 2024-06-14}
}